<?xml version="1.0" encoding="UTF-8"?><record xmlns="http://www.loc.gov/MARC21/slim" xmlns:cinclude="http://apache.org/cocoon/include/1.0" xmlns:zs="http://www.loc.gov/zing/srw/">
  <leader>00405nz  a2200133n  4500</leader>
  <controlfield tag="001">nr 99002049 </controlfield>
  <controlfield tag="003">DLC</controlfield>
  <controlfield tag="005">19990121051959.9</controlfield>
  <controlfield tag="008">990120n| acannaab|          |a aaa     c</controlfield>
  <datafield tag="010" ind1=" " ind2=" ">
    <subfield code="a">nr 99002049 </subfield>
  </datafield>
  <datafield tag="040" ind1=" " ind2=" ">
    <subfield code="a">WaOLN</subfield>
    <subfield code="c">WaOLN</subfield>
  </datafield>
  <datafield tag="100" ind1="1" ind2=" ">
    <subfield code="a">Sărkaroghlu, Ăsġăr</subfield>
  </datafield>
  <datafield tag="400" ind1="1" ind2=" ">
    <subfield code="a">Sarkarogly, Asker</subfield>
  </datafield>
  <datafield tag="670" ind1=" " ind2=" ">
    <subfield code="a">Nizami fransyz mănbălărindă, 1991:</subfield>
    <subfield code="b">t.p. (Ăsġăr Sărkaroghlu) colophon (Sarkarogly Asker)</subfield>
  </datafield>
</record>